% Study

@book{martin2018,
  title={Clean architecture: a craftsman's guide to software structure and design},
  author={Martin, Robert C},
  year={2018},
  publisher={Prentice Hall}
}

@article{Ogheneovo2014,
  author = {Ogheneovo, Edward},
  year = {2014},
  month = {01},
  pages = {1-16},
  title = {On the Relationship between Software Complexity and Maintenance Costs},
  volume = {02},
  journal = {Journal of Computer and Communications},
  doi = {10.4236/jcc.2014.214001}
}

% Design

@online{fowler2019,
  author = {Fowler, Martin},
  title = {Is High Quality Software Worth the Cost?},
  year = {2019},
  note = {\url{https://martinfowler.com/articles/is-quality-worth-cost.html} [Abruf: 03.07.2020]}
}

@book{freeman2009,
  title={Growing object-oriented software, guided by tests},
  author={Freeman, Steve and Pryce, Nat},
  year={2009},
  publisher={Pearson Education}
}

@misc{jacobson1995,
  address = {Wokingham [u.a.]},
  author = {Jacobson, Ivar},
  edition = {Rev. 4. print., reprint.},
  hdsurl = {https://hds.hebis.de/hlbfu/Record/HEB040004740},
  isbn = {0201544350},
  keywords = {},
  series = {Software engineering / Object oriented methods},
  title = {Object oriented software engineering : a use case driven approach},
  uniqueid = {HEB040004740},
  year = 1995
}

@online{reenskaug2009,
  title={The DCI Architecture: A New Vision of Object-Oriented Programming},
  author={Reenskaug, Trygve and Coplien, James O },
  year={2009},
  month={03},
  note={\url{https://www.artima.com/articles/dci_vision.html} [Abruf: 16.07.2020]}
}

@online{schuchert2013,
  author = {Schuchert, Brett L.},
  title = {DIP in the Wild},
  year = {2013},
  month = {05},
  note = {\url{https://martinfowler.com/articles/dipInTheWild.html} [Abruf: 10.07.2020]}
}

@article{sweet1985,
  title={The Mesa programming environment},
  author={Sweet, Richard E},
  journal={ACM SIGPLAN Notices},
  volume={20},
  number={7},
  pages={216--229},
  year={1985},
  publisher={ACM New York, NY, USA}
}

@book{Noback2018,
  doi = {10.1007/978-1-4842-4119-6},
  url = {https://doi.org/10.1007/978-1-4842-4119-6},
  year = {2018},
  publisher = {Apress},
  author = {Matthias Noback},
  title = {Principles of Package Design}
}

@article{conway1968,
  title={How do committees invent},
  author={Conway, Melvin E},
  journal={Datamation},
  volume={14},
  number={4},
  pages={28--31},
  year={1968}
}

@book{meyer1997,
  title={Object-Oriented Software Construction},
  author={Meyer, Bertrand},
  volume={2},
  year={1997},
  publisher={Prentice Hall}
}

@inproceedings{liskov1987,
  title={Keynote address-data abstraction and hierarchy},
  author={Liskov, Barbara},
  booktitle={Addendum to the proceedings on Object-oriented programming systems, languages and applications (Addendum)},
  pages={17--34},
  year={1987}
}

% component

@article{gui2009,
  title={Measuring Software Component Reusability by Coupling and Cohesion Metrics.},
  author={Gui, Gui and Scott, Paul D},
  journal={JCP},
  volume={4},
  number={9},
  pages={797--805},
  year={2009}
}

@Inbook{voorhees2020,
  author="Voorhees, David P.",
  title="Characteristics of Good Software Design",
  bookTitle="Guide to Efficient Software Design: An MVC Approach to Concepts, Structures, and Models ",
  year="2020",
  publisher="Springer International Publishing",
  address="Cham",
  pages="127--136",
  isbn="978-3-030-28501-2",
  doi="10.1007/978-3-030-28501-2_11",
  url="https://doi.org/10.1007/978-3-030-28501-2_11"
}

% Hexagonal

@online{Cockburn2014,
  author = {Cockburn, Alistair},
  title = {Hexagonal Architecture},
  year = {2014},
  note = {\url{https://proxy.c2.com/cgi/wiki?HexagonalArchitecture} [Abruf: 06.07.2020]}
}

@online{Stenberg2014,
  author = {Stenberg, Jan},
  title = {Exploring the Hexagonal Architecture},
  year = {2014},
  note = {\url{https://www.infoq.com/news/2014/10/exploring-hexagonal-architecture/} [Abruf: 06.07.2020]}
}

@book{rajesh2017,
  title={Spring 5.0 Microservices},
  author={Rajesh, RV},
  year={2017},
  publisher={Packt Publishing Ltd}
}

@book{fowler2002,
  title={Patterns of enterprise application architecture},
  author={Fowler, Martin},
  year={2002},
  publisher={Addison-Wesley Longman Publishing Co., Inc.}
}

% Fazit

@article{hoare1981,
  title={The Emperor's Old Clothes - The 1980 ACM turing award lecture},
  author={Hoare, Charles Antony Richard},
  journal={Communications of the ACM},
  volume={24},
  number={2},
  pages= {75--83},
  year={1981},
  month={02}
}
